2667 3270
145 504 338 549 Tei-tull.
367 505 468 553 libr.
498 508 552 550 de

149 564 300 606 anima
329 577 367 606 c.
396 565 471 606 46.

1251 138 1288 187 4

1193 230 1345 245 nnn-n*

781 357 941 415 Nihil
981 360 1192 414 attinet
1222 369 1473 435 statuere
1497 373 1630 410 cum
1658 357 2016 440 Tertulliano
2046 369 2106 414 et
2116 359 2383 434 Origene,

629 488 858 547 oracula
920 490 1314 545 daemonicam
1377 487 1549 542 fuisse
1614 490 1900 542 rationem
1963 509 2166 546 eorum
2214 492 2385 567 spiri.

628 633 827 686 tuum,
860 622 959 692 qui
998 622 1059 672 in
1096 597 1426 673 hominibus
1465 622 1598 695 ipsis
1628 619 2011 676 habitaverint
2049 623 2139 677 vel
2170 643 2385 679 memo-

629 753 738 807 rias
778 771 979 807 eorum
1019 750 1432 807 adfectaverint
1472 751 1544 807 ad
1583 771 1815 830 omnem
1853 753 2104 808 malitiae
2144 750 2385 821 scenam,

628 884 690 936 in
716 882 827 936 ista
868 900 1057 956 aeque,
1079 883 1282 958 Specie
1311 882 1671 940 divinitatem
1699 886 2041 939 mentientes
2076 882 2388 956 eademque

576 1032 577 1035 ¹
624 1010 910 1087 indusuia
936 1030 1043 1086 per
1072 1009 1348 1066 beneficia
1377 1010 1635 1066 fallentes
1663 1012 2075 1067 medicinarum
2105 1025 2165 1067 et
2195 1011 2387 1066 admo-

628 1144 922 1203 nitionum
953 1154 1014 1196 et
1042 1142 1644 1216 praenuntiationum;
1695 1161 1805 1197 nec
1830 1141 1965 1215 inde
2001 1139 2163 1214 quod
2194 1137 2387 1195 seculis

631 1287 864 1344 quoque
906 1267 1242 1325 cultioribus
1276 1267 1592 1341 Gentilium
1632 1269 1951 1322 sanctuaria
1992 1269 2209 1320 animos
2244 1266 2387 1321 mul-

631 1412 831 1455 torum
863 1399 1218 1474 deceperint,
1248 1397 1585 1453 concludere
1615 1398 1776 1463 licet,
1798 1395 2132 1452 Sacerdotes
2156 1416 2389 1452 omnem

630 1528 921 1600 Religioni
961 1525 1136 1580 fidem
1177 1525 1499 1599 derogasse,
1558 1527 1858 1602 civitatum
1895 1525 2210 1599 rectoribus
2242 1527 2387 1588 calli·

632 1657 860 1714 dissime
890 1659 1286 1722 inserviente53
1338 1657 1543 1729 longus
1579 1659 1734 1711 enim
1764 1660 1914 1712 inter
1941 1659 2299 1733 impietatem
2330 1671 2389 1714 et

632 1788 1036 1846 crudelitatem
1064 1787 1402 1844 discernitur
1430 1798 1663 1841 tractus.

783 2052 932 2107 Rem
953 2053 997 2105 si
1017 2071 1049 2105 a
1077 2053 1367 2127 principiis
1387 2062 1712 2127 repetamus
1725 2089 1741 2117 ,
1764 2068 1891 2105 eam
1909 2048 2123 2124 ubique
2143 2040 2408 2112 hominis

632 2180 738 2236 bus
766 2178 1022 2237 indolem
1050 2182 1282 2235 insitam
1313 2178 1675 2235 observamus
1689 2218 1704 2246 ,
1738 2190 1807 2234 ut
1838 2168 1870 2233 a
1901 2151 2391 2255 contemplatione

629 2335 825 2370 rerum
843 2313 1193 2370 naturalium
1218 2314 1441 2368 avocati
1462 2310 1533 2366 ad
1562 2290 1761 2367 causae*
1783 2314 2085 2387 primariae
2104 2311 2389 2386 cognitio»

630 2469 765 2504 nem
795 2452 1052 2504 animum
1083 2447 1398 2506 advertant.
1439 2449 1604 2502 Hanc
1634 2459 1840 2502 autem
1878 2461 2132 2515 causam,
2174 2459 2389 2521 quanta

627 2577 881 2650 qualisve
910 2580 1022 2645 sit,
1065 2598 1199 2635 cum
1237 2575 1369 2634 fatis
1409 2569 1728 2655 perspicere
1757 2600 1877 2636 non
1896 2581 2118 2657 possint
2136 2618 2152 2646 ‚
2176 2589 2389 2633 ·mente

625 2705 903 2768 ‘insistunt
916 2706 981 2763 in
1006 2704 1199 2760 futura
1211 2695 1674 2781 praesentienda3
1696 2709 1855 2762 Deos
1876 2709 2070 2780 itaque
2091 2718 2191 2760 aut
2208 2704 2386 2779 quod·
2448 2768 2452 2771 ¹
2517 2706 2523 2708 “

629 2849 856 2904 cunque
885 2833 1149 2913 Deorum
1186 2838 1315 2918 loco
1345 2839 1620 2908 habetur,
1662 2843 1724 2895 in
1742 2841 1948 2906 majori
1979 2839 2181 2905 saltem
2209 2850 2385 2894 certa·
